@ARTICLE{2010Icar..206..306N,
       author = {{Neakrase}, Lynn D.~V. and {Greeley}, Ronald},
        title = "{Dust devil sediment flux on Earth and Mars: Laboratory simulations}",
      journal = {\icarus},
         year = 2010,
        month = mar,
       volume = {206},
       number = {1},
        pages = {306-318},
          doi = {10.1016/j.icarus.2009.08.028},
       adsurl = {https://ui.adsabs.harvard.edu/abs/2010Icar..206..306N},
      adsnote = {Provided by the SAO/NASA Astrophysics Data System}
}