@ARTICLE{2020Icar..34713814O,
       author = {{Ord{\'o}{\~n}ez-Etxeberria}, I. and {Hueso}, R. and {S{\'a}nchez-Lavega}, A.},
        title = "{Strong increase in dust devil activity at Gale crater on the third year of the MSL mission and suppression during the 2018 Global Dust Storm}",
      journal = {\icarus},
     keywords = {Mars, Curiosity, Mars Science Laboratory, Dust devils, Dust storm},
         year = 2020,
        month = sep,
       volume = {347},
          eid = {113814},
        pages = {113814},
          doi = {10.1016/j.icarus.2020.113814},
       adsurl = {https://ui.adsabs.harvard.edu/abs/2020Icar..34713814O},
      adsnote = {Provided by the SAO/NASA Astrophysics Data System}
}


@ARTICLE{2021Icar..36414468L,
       author = {{Lorenz}, Ralph D. and {Lemmon}, Mark T. and {Maki}, Justin},
        title = "{First Mars year of observations with the InSight solar arrays: Winds, dust devil shadows, and dust accumulation}",
      journal = {\icarus},
         year = 2021,
        month = aug,
       volume = {364},
          eid = {114468},
        pages = {114468},
          doi = {10.1016/j.icarus.2021.114468},
       adsurl = {https://ui.adsabs.harvard.edu/abs/2021Icar..36414468L},
      adsnote = {Provided by the SAO/NASA Astrophysics Data System}
}


@ARTICLE{2016SSRv..203..183R,
       author = {{Rafkin}, S. and {Jemmett-Smith}, B. and {Fenton}, L. and {Lorenz}, R. and {Takemi}, T. and {Ito}, J. and {Tyler}, D.},
        title = "{Dust Devil Formation}",
      journal = {\ssr},
     keywords = {Dust devils, Mars atmosphere, Earth atmosphere, Atmospheric dynamics},
         year = 2016,
        month = nov,
       volume = {203},
       number = {1-4},
        pages = {183-207},
          doi = {10.1007/s11214-016-0307-7},
       adsurl = {https://ui.adsabs.harvard.edu/abs/2016SSRv..203..183R},
      adsnote = {Provided by the SAO/NASA Astrophysics Data System}
}

@ARTICLE{1969JApMe...8...32S,
      author = {{Sinclair}, Peter C.},
        title = "{General Characteristics of Dust Devils.}",
      journal = {Journal of Applied Meteorology},
         year = 1969,
        month = feb,
      volume = {8},
      number = {1},
        pages = {32-45},
      adsurl = {https://ui.adsabs.harvard.edu/abs/1969JApMe...8...32S},
      adsnote = {Provided by the SAO/NASA Astrophysics Data System}
}

@ARTICLE{2010JGRE..115.0F02G,
       author = {{Greeley}, Ronald and {Waller}, Devin A. and {Cabrol}, Nathalie A. and {Landis}, Geoffrey A. and {Lemmon}, Mark T. and {Neakrase}, Lynn D.~V. and {Pendleton Hoffer}, Mary and {Thompson}, Shane D. and {Whelley}, Patrick L.},
        title = "{Gusev Crater, Mars: Observations of three dust devil seasons}",
      journal = {Journal of Geophysical Research (Planets)},
     keywords = {Planetary Sciences: Solar System Objects: Mars, Planetary Sciences: Solar System Objects: Dust, Planetary Sciences: Solid Surface Planets: Erosion and weathering, Planetary Sciences: Solid Surface Planets: Atmospheres (0343, 1060), Global Change: Remote sensing (1855)},
         year = 2010,
        month = sep,
       volume = {115},
       number = {E8},
          eid = {E00F02},
        pages = {E00F02},
          doi = {10.1029/2010JE003608},
       adsurl = {https://ui.adsabs.harvard.edu/abs/2010JGRE..115.0F02G},
      adsnote = {Provided by the SAO/NASA Astrophysics Data System}
}


@ARTICLE{2015Icar..249..129M,
       author = {{Moores}, John E. and {Lemmon}, Mark T. and {Kahanp{\"a}{\"a}}, Henrik and {Rafkin}, Scot C.~R. and {Francis}, Raymond and {Pla-Garcia}, Jorge and {Bean}, Keri and {Haberle}, Robert and {Newman}, Claire and {Mischna}, Michael and {Vasavada}, Ashwin R. and {de la Torre Ju{\'a}rez}, Manuel and {Renn{\'o}}, Nilton and {Bell}, Jim and {Calef}, Fred and {Cantor}, Bruce and {Mcconnochie}, Timothy H. and {Harri}, Ari-Matti and {Genzer}, Maria and {Wong}, Michael H. and {Smith}, Michael D. and {Mart{\'\i}n-Torres}, F. Javier and {Zorzano}, Mar{\'\i}a-Paz and {Kemppinen}, Osku and {McCullough}, Emily},
        title = "{Observational evidence of a suppressed planetary boundary layer in northern Gale Crater, Mars as seen by the Navcam instrument onboard the Mars Science Laboratory rover}",
      journal = {\icarus},
     keywords = {Mars, Mars, atmosphere, Atmospheres, dynamics, Atmospheres, structure},
         year = 2015,
        month = mar,
       volume = {249},
        pages = {129-142},
          doi = {10.1016/j.icarus.2014.09.020},
       adsurl = {https://ui.adsabs.harvard.edu/abs/2015Icar..249..129M},
      adsnote = {Provided by the SAO/NASA Astrophysics Data System}
}


@ARTICLE{2000JGR...105.1859R,
       author = {{Renn{\'o}}, Nilton O. and {Nash}, Amelia Ann and {Lunine}, Jonathan and {Murphy}, James},
        title = "{Martian and terrestrial dust devils: Test of a scaling theory using Pathfinder data}",
      journal = {\jgr},
     keywords = {Meteorology and Atmospheric Dynamics: Boundary layer processes, Meteorology and Atmospheric Dynamics: Convective processes, Meteorology and Atmospheric Dynamics: Planetary meteorology, Meteorology and Atmospheric Dynamics: Theoretical modeling},
         year = 2000,
        month = jan,
       volume = {105},
       number = {E1},
        pages = {1859-1866},
          doi = {10.1029/1999JE001037},
       adsurl = {https://ui.adsabs.harvard.edu/abs/2000JGR...105.1859R},
      adsnote = {Provided by the SAO/NASA Astrophysics Data System}
}


@ARTICLE{2002GeoRL..29.2103M,
       author = {{Murphy}, James R. and {Nelli}, Steven},
        title = "{Mars Pathfinder convective vortices: Frequency of occurrence}",
      journal = {\grl},
     keywords = {Planetology: Solar System Objects: Mars, Meteorology and Atmospheric Dynamics: Planetary meteorology (5445, 5739), Meteorology and Atmospheric Dynamics: Boundary layer processes},
         year = 2002,
        month = dec,
       volume = {29},
       number = {23},
          eid = {2103},
        pages = {2103},
          doi = {10.1029/2002GL015214},
       adsurl = {https://ui.adsabs.harvard.edu/abs/2002GeoRL..29.2103M},
      adsnote = {Provided by the SAO/NASA Astrophysics Data System}
}


@ARTICLE{2003JGRE..108.5133F,
       author = {{Ferri}, Francesca and {Smith}, Peter H. and {Lemmon}, Mark and {Renn{\'o}}, Nilton O.},
        title = "{Dust devils as observed by Mars Pathfinder}",
      journal = {Journal of Geophysical Research (Planets)},
     keywords = {Planetology: Solar System Objects: Mars, Planetary Sciences: Atmospheres-structure and dynamics, Meteorology and Atmospheric Dynamics: Land/atmosphere interactions, Planetary Sciences: Meteorology (3346)},
         year = 2003,
        month = dec,
       volume = {108},
       number = {E12},
          eid = {5133},
        pages = {5133},
          doi = {10.1029/2000JE001421},
       adsurl = {https://ui.adsabs.harvard.edu/abs/2003JGRE..108.5133F},
      adsnote = {Provided by the SAO/NASA Astrophysics Data System}
}


@ARTICLE{1983JGR....8811005R,
       author = {{Ryan}, J.~A. and {Lucich}, R.~D.},
        title = "{Possible dust devils, vortices on Mars.}",
      journal = {\jgr},
     keywords = {Atmospheric Circulation, Dust, Mars Atmosphere, Vortices, Viking Lander 1, Viking Lander 2, Wind Direction, Wind Velocity, Lunar and Planetary Exploration, Dust:Mars, Dust:Mars Surface, Mars Atmosphere:Winds, Mars Surface:Dust, Mars:Dust},
         year = 1983,
        month = dec,
       volume = {88},
        pages = {11005-11011},
          doi = {10.1029/JC088iC15p11005},
       adsurl = {https://ui.adsabs.harvard.edu/abs/1983JGR....8811005R},
      adsnote = {Provided by the SAO/NASA Astrophysics Data System}
}


@ARTICLE{1999GeoRL..26.2781M,
       author = {{Metzger}, Stephen M. and {Carr}, James R. and {Johnson}, Jeffrey R. and {Parker}, Timothy J. and {Lemmon}, Mark T.},
        title = "{Dust devil vortices seen by the Mars Pathfinder Camera}",
      journal = {\grl},
     keywords = {Meteorology and Atmospheric Dynamics: Boundary layer processes, Meteorology and Atmospheric Dynamics: Land/atmosphere interactions, Planetology: Solid Surface Planets: Remote sensing, Planetology: Solid Surface Planets: Erosion and weathering},
         year = 1999,
        month = jan,
       volume = {26},
       number = {18},
        pages = {2781-2784},
          doi = {10.1029/1999GL008341},
       adsurl = {https://ui.adsabs.harvard.edu/abs/1999GeoRL..26.2781M},
      adsnote = {Provided by the SAO/NASA Astrophysics Data System}
}


@ARTICLE{2003Icar..163...78R,
       author = {{Ringrose}, T.~J. and {Towner}, M.~C. and {Zarnecki}, J.~C.},
        title = "{Convective vortices on Mars: a reanalysis of Viking Lander 2 meteorological data, sols 1-60}",
      journal = {\icarus},
         year = 2003,
        month = may,
       volume = {163},
       number = {1},
        pages = {78-87},
          doi = {10.1016/S0019-1035(03)00073-3},
       adsurl = {https://ui.adsabs.harvard.edu/abs/2003Icar..163...78R},
      adsnote = {Provided by the SAO/NASA Astrophysics Data System}
}


@ARTICLE{2021Icar..35814200K,
       author = {{Kurgansky}, M.~V.},
        title = "{An estimate of convective vortex activity at the InSight landing site on Mars}",
      journal = {\icarus},
         year = 2021,
        month = apr,
       volume = {358},
          eid = {114200},
        pages = {114200},
          doi = {10.1016/j.icarus.2020.114200},
       adsurl = {https://ui.adsabs.harvard.edu/abs/2021Icar..35814200K},
      adsnote = {Provided by the SAO/NASA Astrophysics Data System}
}


@article{Banfield2019,
author = {Banfield, D. and Rodriguez-Manfredi, J. A. and Russell, C. T. and Rowe, K. M. and Leneman, D. and Lai, H. R. and Cruce, P. R. and Means, J. D. and Johnson, C. L. and Mittelholz, A. and Joy, S. P. and Chi, P. J. and Mikellides, I. G. and Carpenter, S. and Navarro, S. and Sebastian, E. and Gomez-Elvira, J. and Torres, J. and Mora, L. and Peinado, V. and Lepinette, A. and Hurst, K. and Lognonn{\'{e}}, P. and Smrekar, S. E. and Banerdt, W. B.},
doi = {10.1007/s11214-018-0570-x},
file = {:Users/cperrin/POSTDOC-IPGP-InSIGHT/Biblio-Mars/Insight/banfield2018.pdf:pdf},
issn = {0038-6308},
journal = {Space Science Reviews},
month = {feb},
number = {1},
pages = {4},
title = {{InSight Auxiliary Payload Sensor Suite (APSS)}},
url = {http://link.springer.com/10.1007/s11214-018-0570-x},
volume = {215},
year = {2019}
}

@ARTICLE{2004JGRE..10911006B,
       author = {{Basu}, Shabari and {Richardson}, Mark I. and {Wilson}, R. John},
        title = "{Simulation of the Martian dust cycle with the GFDL Mars GCM}",
      journal = {Journal of Geophysical Research (Planets)},
     keywords = {Planetology: Solar System Objects: Mars, Planetology: Solid Surface Planets: Meteorology (3346), Planetology: Solid Surface Planets: Atmospheres-structure and dynamics, Meteorology and Atmospheric Dynamics: General circulation, Atmospheric Composition and Structure: Aerosols and particles (0345, 4801)},
         year = 2004,
        month = nov,
       volume = {109},
       number = {E11},
          eid = {E11006},
        pages = {E11006},
          doi = {10.1029/2004JE002243},
       adsurl = {https://ui.adsabs.harvard.edu/abs/2004JGRE..10911006B},
      adsnote = {Provided by the SAO/NASA Astrophysics Data System}
}


@ARTICLE{2002Icar..157..259S,
       author = {{Smith}, Michael D. and {Conrath}, Barney J. and {Pearl}, John C. and {Christensen}, Philip R.},
        title = "{NOTE: Thermal Emission Spectrometer Observations of Martian Planet-Encircling Dust Storm 2001A}",
      journal = {\icarus},
         year = 2002,
        month = may,
       volume = {157},
       number = {1},
        pages = {259-263},
          doi = {10.1006/icar.2001.6797},
       adsurl = {https://ui.adsabs.harvard.edu/abs/2002Icar..157..259S},
      adsnote = {Provided by the SAO/NASA Astrophysics Data System}
}

@ARTICLE{2016SSRv..203...89F,
       author = {{Fenton}, Lori and {Reiss}, Dennis and {Lemmon}, Mark and {Marticorena}, B{\'e}atrice and {Lewis}, Stephen and {Cantor}, Bruce},
        title = "{Orbital Observations of Dust Lofted by Daytime Convective Turbulence}",
      journal = {\ssr},
     keywords = {Atmospheric dust, Dust devil, Mars, Dust storm, Boundary layer},
         year = 2016,
        month = nov,
       volume = {203},
       number = {1-4},
        pages = {89-142},
          doi = {10.1007/s11214-016-0243-6},
       adsurl = {https://ui.adsabs.harvard.edu/abs/2016SSRv..203...89F},
      adsnote = {Provided by the SAO/NASA Astrophysics Data System}
}



@ARTICLE{2016SSRv..203..143R,
       author = {{Reiss}, Dennis and {Fenton}, Lori and {Neakrase}, Lynn and {Zimmerman}, Michael and {Statella}, Thiago and {Whelley}, Patrick and {Rossi}, Angelo Pio and {Balme}, Matthew},
        title = "{Dust Devil Tracks}",
      journal = {\ssr},
     keywords = {Dust devil, Dust devil track, Vertical convective vortices, Mars, Earth, Deflation},
         year = 2016,
        month = nov,
       volume = {203},
       number = {1-4},
        pages = {143-181},
          doi = {10.1007/s11214-016-0308-6},
       adsurl = {https://ui.adsabs.harvard.edu/abs/2016SSRv..203..143R},
      adsnote = {Provided by the SAO/NASA Astrophysics Data System}
}


@BOOK{1985wagp.book.....G,
   author = {{Greeley}, R. and {Iversen}, J.~D.},
    title = "{Wind as a geological process on Earth, Mars, Venus and Titan.}",
booktitle = {Wind as a geological process on Earth, Mars, Venus and Titan..~R.~Greeley, J.~D.~Iversen.Cambridge Planetary Science Series, Vol.~4.~Cambridge University Press, Cambridge - London - New York - New Rochelle - Melbourne - Sydney.~12+333 pp.~Price DM 147.50 (1985).~ISBN0-521-24385-8.},
     year = 1985,
   adsurl = {http://adsabs.harvard.edu/abs/1985wagp.book.....G},
  adsnote = {Provided by the SAO/NASA Astrophysics Data System}
}

@ARTICLE{1985Sci...230..175T,
       author = {{Thomas}, P. and {Gierasch}, P.~J.},
        title = "{Dust Devils on Mars}",
      journal = {Science},
     keywords = {Dust Storms, Mars Atmosphere, Mars Surface, Clouds, Convection, Height, Imagery, Viking Orbiter Spacecraft, Lunar and Planetary Exploration; Mars, MARS, DUST, CLOUDS, ALTITUDE, VIKING MISSIONS, ORBITERS, IMAGERY, WIND, PHOTOGRAPHS, SPACECRAFT OBSERVATIONS, REMOTE SENSING, ANALYSIS, STORMS, TRANSPORT, METEOROLOGY, WEATHER},
         year = 1985,
        month = oct,
       volume = {230},
       number = {4722},
        pages = {175-177},
          doi = {10.1126/science.230.4722.175},
       adsurl = {https://ui.adsabs.harvard.edu/abs/1985Sci...230..175T},
      adsnote = {Provided by the SAO/NASA Astrophysics Data System}
}


@ARTICLE{2012Natur.485..339B,
       author = {{Bridges}, N.~T. and {Ayoub}, F. and {Avouac}, J. -P. and {Leprince}, S. and {Lucas}, A. and {Mattson}, S.},
        title = "{Earth-like sand fluxes on Mars}",
      journal = {\nat},
         year = 2012,
        month = may,
       volume = {485},
       number = {7398},
        pages = {339-342},
          doi = {10.1038/nature11022},
       adsurl = {https://ui.adsabs.harvard.edu/abs/2012Natur.485..339B},
      adsnote = {Provided by the SAO/NASA Astrophysics Data System}
}


@ARTICLE{2020NatGe..13..183B,
       author = {{Banerdt}, W. Bruce and {Smrekar}, Suzanne E. and {Banfield}, Don and {Giardini}, Domenico and {Golombek}, Matthew and {Johnson}, Catherine L. and {Lognonn{\'e}}, Philippe and {Spiga}, Aymeric and {Spohn}, Tilman and {Perrin}, Cl{\'e}ment and {St{\"a}hler}, Simon C. and {Antonangeli}, Daniele and {Asmar}, Sami and {Beghein}, Caroline and {Bowles}, Neil and {Bozdag}, Ebru and {Chi}, Peter and {Christensen}, Ulrich and {Clinton}, John and {Collins}, Gareth S. and {Daubar}, Ingrid and {Dehant}, V{\'e}ronique and {Drilleau}, M{\'e}lanie and {Fillingim}, Matthew and {Folkner}, William and {Garcia}, Rapha{\"e}l F. and {Garvin}, Jim and {Grant}, John and {Grott}, Matthias and {Grygorczuk}, Jerzy and {Hudson}, Troy and {Irving}, Jessica C.~E. and {Kargl}, G{\"u}nter and {Kawamura}, Taichi and {Kedar}, Sharon and {King}, Scott and {Knapmeyer-Endrun}, Brigitte and {Knapmeyer}, Martin and {Lemmon}, Mark and {Lorenz}, Ralph and {Maki}, Justin N. and {Margerin}, Ludovic and {McLennan}, Scott M. and {Michaut}, Chloe and {Mimoun}, David and {Mittelholz}, Anna and {Mocquet}, Antoine and {Morgan}, Paul and {Mueller}, Nils T. and {Murdoch}, Naomi and {Nagihara}, Seiichi and {Newman}, Claire and {Nimmo}, Francis and {Panning}, Mark and {Pike}, W. Thomas and {Plesa}, Ana-Catalina and {Rodriguez}, S{\'e}bastien and {Rodriguez-Manfredi}, Jose Antonio and {Russell}, Christopher T. and {Schmerr}, Nicholas and {Siegler}, Matt and {Stanley}, Sabine and {Stutzmann}, El{\'e}anore and {Teanby}, Nicholas and {Tromp}, Jeroen and {van Driel}, Martin and {Warner}, Nicholas and {Weber}, Renee and {Wieczorek}, Mark},
        title = "{Initial results from the InSight mission on Mars}",
      journal = {Nature Geoscience},
         year = 2020,
        month = feb,
       volume = {13},
       number = {3},
        pages = {183-189},
          doi = {10.1038/s41561-020-0544-y},
       adsurl = {https://ui.adsabs.harvard.edu/abs/2020NatGe..13..183B},
      adsnote = {Provided by the SAO/NASA Astrophysics Data System}
}


@inproceedings{seabold2010statsmodels,
  title={statsmodels: Econometric and statistical modeling with python},
  author={Seabold, Skipper and Perktold, Josef},
  booktitle={9th Python in Science Conference},
  year={2010},
} 
@ARTICLE{2020SciPy-NMeth,
  author  = {Virtanen, Pauli and Gommers, Ralf and Oliphant, Travis E. and
            Haberland, Matt and Reddy, Tyler and Cournapeau, David and
            Burovski, Evgeni and Peterson, Pearu and Weckesser, Warren and
            Bright, Jonathan and {van der Walt}, St{\'e}fan J. and
            Brett, Matthew and Wilson, Joshua and Millman, K. Jarrod and
            Mayorov, Nikolay and Nelson, Andrew R. J. and Jones, Eric and
            Kern, Robert and Larson, Eric and Carey, C J and
            Polat, {\.I}lhan and Feng, Yu and Moore, Eric W. and
            {VanderPlas}, Jake and Laxalde, Denis and Perktold, Josef and
            Cimrman, Robert and Henriksen, Ian and Quintero, E. A. and
            Harris, Charles R. and Archibald, Anne M. and
            Ribeiro, Ant{\^o}nio H. and Pedregosa, Fabian and
            {van Mulbregt}, Paul and {SciPy 1.0 Contributors}},
  title   = {{{SciPy} 1.0: Fundamental Algorithms for Scientific
            Computing in Python}},
  journal = {Nature Methods},
  year    = {2020},
  volume  = {17},
  pages   = {261--272},
  adsurl  = {https://rdcu.be/b08Wh},
  doi     = {10.1038/s41592-019-0686-2},
}
@Article{Hunter:2007,
  Author    = {Hunter, J. D.},
  Title     = {Matplotlib: A 2D graphics environment},
  Journal   = {Computing in Science \& Engineering},
  Volume    = {9},
  Number    = {3},
  Pages     = {90--95},
  abstract  = {Matplotlib is a 2D graphics package used for Python for
  application development, interactive scripting, and publication-quality
  image generation across user interfaces and operating systems.},
  publisher = {IEEE COMPUTER SOC},
  doi       = {10.1109/MCSE.2007.55},
  year      = 2007
}
@Article{harris2020array,
 title         = {Array programming with {NumPy}},
 author        = {Charles R. Harris and K. Jarrod Millman and St{'{e}}fan J.
                 van der Walt and Ralf Gommers and Pauli Virtanen and David
                 Cournapeau and Eric Wieser and Julian Taylor and Sebastian
                 Berg and Nathaniel J. Smith and Robert Kern and Matti Picus
                 and Stephan Hoyer and Marten H. van Kerkwijk and Matthew
                 Brett and Allan Haldane and Jaime Fern{'{a}}ndez del
                 R{'{\i}}o and Mark Wiebe and Pearu Peterson and Pierre
                 G{'{e}}rard-Marchant and Kevin Sheppard and Tyler Reddy and
                 Warren Weckesser and Hameer Abbasi and Christoph Gohlke and
                 Travis E. Oliphant},
 year          = {2020},
 month         = sep,
 journal       = {Nature},
 volume        = {585},
 number        = {7825},
 pages         = {357--362},
 doi           = {10.1038/s41586-020-2649-2},
 publisher     = {Springer Science and Business Media {LLC}},
 url           = {https://doi.org/10.1038/s41586-020-2649-2}
}
@ARTICLE{2017PNAS..114.2509J,
       author = {{Jia}, Pan and {Andreotti}, Bruno and {Claudin}, Philippe},
        title = "{Giant ripples on comet 67P/Churyumov-Gerasimenko sculpted by sunset thermal wind}",
      journal = {Proceedings of the National Academy of Science},
     keywords = {Condensed Matter - Soft Condensed Matter, Astrophysics - Earth and Planetary Astrophysics},
         year = 2017,
        month = mar,
       volume = {114},
       number = {14},
        pages = {2509-2514},
archivePrefix = {arXiv},
       eprint = {1703.02592},
 primaryClass = {cond-mat.soft},
       adsurl = {https://ui.adsabs.harvard.edu/abs/2017PNAS..114.2509J},
      adsnote = {Provided by the SAO/NASA Astrophysics Data System}
}


@ARTICLE{2011RvGeo..49.3005P,
       author = {{Petrosyan}, A. and {Galperin}, B. and {Larsen}, S.~E. and {Lewis}, S.~R. and {M{\"a}{\"a}tt{\"a}nen}, A. and {Read}, P.~L. and {Renno}, N. and {Rogberg}, L.~P.~H.~T. and {Savij{\"a}rvi}, H. and {Siili}, T. and {Spiga}, A. and {Toigo}, A. and {V{\'a}zquez}, L.},
        title = "{The Martian Atmospheric Boundary Layer}",
      journal = {Reviews of Geophysics},
     keywords = {Atmospheric Composition and Structure: Planetary atmospheres (5210, 5405, 5704), Atmospheric Processes: Boundary layer processes, Atmospheric Processes: Land/atmosphere interactions (1218, 1631, 1843, 4301), Atmospheric Processes: Mesoscale meteorology, Planetary Sciences: Solid Surface Planets: Atmospheres (0343, 1060)},
         year = 2011,
        month = sep,
       volume = {49},
       number = {3},
          eid = {RG3005},
        pages = {RG3005},
          doi = {10.1029/2010RG000351},
       adsurl = {https://ui.adsabs.harvard.edu/abs/2011RvGeo..49.3005P},
      adsnote = {Provided by the SAO/NASA Astrophysics Data System}
}


@article{hodlr,
    author = {{Ambikasaran}, S. and {Foreman-Mackey}, D. and {Greengard}, L. and {Hogg}, D.~W. and {O'Neil}, M.},
     title = "{Fast Direct Methods for Gaussian Processes}",
      year = 2014,
     month = mar,
       url = http://arxiv.org/abs/1403.6015
}
@ARTICLE{2018RemS...10...65J,
       author = {{Jackson}, Brian and {Lorenz}, Ralph and {Davis}, Karan and {Lipple}, Brock},
        title = "{Using an Instrumented Drone to Probe Dust Devils on Oregon's Alvord Desert.}",
      journal = {Remote Sensing},
         year = 2018,
        month = jan,
       volume = {10},
          eid = {65},
        pages = {65},
          doi = {10.3390/rs10010065},
       adsurl = {https://ui.adsabs.harvard.edu/abs/2018RemS...10...65J},
      adsnote = {Provided by the SAO/NASA Astrophysics Data System}
}


@ARTICLE{2008JGRE..113.7002W,
       author = {{Whelley}, Patrick L. and {Greeley}, Ronald},
        title = "{The distribution of dust devil activity on Mars}",
      journal = {Journal of Geophysical Research (Planets)},
     keywords = {Planetary Sciences: Solar System Objects: Mars, Planetary Sciences: Solid Surface Planets: Instruments and techniques, Planetary Sciences: Solid Surface Planets: Atmospheres (0343, 1060), Planetary Sciences: Solid Surface Planets: Erosion and weathering, Planetary Sciences: Solid Surface Planets: Remote sensing},
         year = 2008,
        month = jul,
       volume = {113},
       number = {E7},
          eid = {E07002},
        pages = {E07002},
          doi = {10.1029/2007JE002966},
       adsurl = {https://ui.adsabs.harvard.edu/abs/2008JGRE..113.7002W},
      adsnote = {Provided by the SAO/NASA Astrophysics Data System}
}


@ARTICLE{2005JGRE..110.6002G,
       author = {{Greeley}, Ronald and {Arvidson}, Raymond and {Bell}, Jim F. and {Christensen}, Phil and {Foley}, Daniel and {Haldemann}, Albert and {Kuzmin}, Ruslan O. and {Landis}, Geoff and {Neakrase}, Lynn D.~V. and {Neukum}, Gerhard and {Squyres}, Steve W. and {Sullivan}, Robert and {Thompson}, Shane D. and {Whelley}, Patrick L. and {Williams}, David},
        title = "{Martian variable features: New insight from the Mars Express Orbiter and the Mars Exploration Rover Spirit}",
      journal = {Journal of Geophysical Research (Planets)},
     keywords = {Planetary Sciences: Solid Surface Planets: Erosion and weathering, Planetary Sciences: Solid Surface Planets: Atmospheres (0343, 1060), Planetary Sciences: Solid Surface Planets: Remote sensing, Planetary Sciences: Solid Surface Planets: Surface materials and properties, Planetary Sciences: Solar System Objects: Mars},
         year = 2005,
        month = jun,
       volume = {110},
       number = {E6},
          eid = {E06002},
        pages = {E06002},
          doi = {10.1029/2005JE002403},
       adsurl = {https://ui.adsabs.harvard.edu/abs/2005JGRE..110.6002G},
      adsnote = {Provided by the SAO/NASA Astrophysics Data System}
}


@ARTICLE{Spiga2021,
       author = {{Spiga}, A. and {Murdoch}, N. and {Lorenz}, R. and {Forget}, F. and {Newman}, C. and {Rodriguez}, S. and {Pla-Garcia}, J. and {Moreiras}, D. Vi{\'u}dez and {Banfield}, D. and {Perrin}, C. and {Mueller}, N.~T. and {Lemmon}, M. and {Millour}, E. and {Banerdt}, W.~B.},
        title = "{A Study of Daytime Convective Vortices and Turbulence in the Martian Planetary Boundary Layer Based on Half-a-Year of InSight Atmospheric Measurements and Large-Eddy Simulations}",
      journal = {Journal of Geophysical Research (Planets)},
     keywords = {Astrophysics - Earth and Planetary Astrophysics, Physics - Atmospheric and Oceanic Physics, Physics - Fluid Dynamics},
         year = 2021,
        month = jan,
       volume = {126},
       number = {1},
          eid = {e06511},
        pages = {e06511},
          doi = {10.1029/2020JE006511},
archivePrefix = {arXiv},
       eprint = {2005.01134},
 primaryClass = {astro-ph.EP},
       adsurl = {https://ui.adsabs.harvard.edu/abs/2021JGRE..12606511S},
      adsnote = {Provided by the SAO/NASA Astrophysics Data System}
}


@ARTICLE{2020E&SS....701248G,
       author = {{Golombek}, M. and {Williams}, N. and {Warner}, N.~H. and {Parker}, T. and {Williams}, M.~G. and {Daubar}, I. and {Calef}, F. and {Grant}, J. and {Bailey}, P. and {Abarca}, H. and {Deen}, R. and {Ruoff}, N. and {Maki}, J. and {McEwen}, A. and {Baugh}, N. and {Block}, K. and {Tamppari}, L. and {Call}, J. and {Ladewig}, J. and {Stoltz}, A. and {Weems}, W.~A. and {Mora-Sotomayor}, L. and {Torres}, J. and {Johnson}, M. and {Kennedy}, T. and {Sklyanskiy}, E.},
        title = "{Location and Setting of the Mars InSight Lander, Instruments, and Landing Site}",
      journal = {Earth and Space Science},
     keywords = {Mars, Mars lander, location, InSight, surface location},
         year = 2020,
        month = oct,
       volume = {7},
       number = {10},
          eid = {e01248},
        pages = {e01248},
          doi = {10.1029/2020EA001248},
       adsurl = {https://ui.adsabs.harvard.edu/abs/2020E&SS....701248G},
      adsnote = {Provided by the SAO/NASA Astrophysics Data System}
}


@ARTICLE{2018SSRv..214..105M,
       author = {{Maki}, J.~N. and {Golombek}, M. and {Deen}, R. and {Abarca}, H. and {Sorice}, C. and {Goodsall}, T. and {Schwochert}, M. and {Lemmon}, M. and {Trebi-Ollennu}, A. and {Banerdt}, W.~B.},
        title = "{The Color Cameras on the InSight Lander}",
      journal = {\ssr},
     keywords = {Mars, InSight, Cameras, Lander, Robotic arm, Remote sensing, Color, CCD, Deployment, NASA, Mission, Planetary exploration},
         year = 2018,
        month = sep,
       volume = {214},
       number = {6},
          eid = {105},
        pages = {105},
          doi = {10.1007/s11214-018-0536-z},
       adsurl = {https://ui.adsabs.harvard.edu/abs/2018SSRv..214..105M},
      adsnote = {Provided by the SAO/NASA Astrophysics Data System}
}


@ARTICLE{2016Icar..266..315R,
       author = {{Reiss}, Dennis and {Lorenz}, Ralph D.},
        title = "{Dust devil track survey at Elysium Planitia, Mars: Implications for the InSight landing sites}",
      journal = {\icarus},
     keywords = {Mars, atmosphere, Mars, surface, Atmospheres, dynamics},
         year = 2016,
        month = mar,
       volume = {266},
        pages = {315-330},
          doi = {10.1016/j.icarus.2015.11.012},
       adsurl = {https://ui.adsabs.harvard.edu/abs/2016Icar..266..315R},
      adsnote = {Provided by the SAO/NASA Astrophysics Data System}
}


@ARTICLE{2016Icar..278..180S,
       author = {{Steakley}, Kathryn and {Murphy}, James},
        title = "{A year of convective vortex activity at Gale crater}",
      journal = {\icarus},
     keywords = {Mars, atmosphere, Atmospheres, dynamics, Meteorology},
         year = 2016,
        month = nov,
       volume = {278},
        pages = {180-193},
          doi = {10.1016/j.icarus.2016.06.010},
       adsurl = {https://ui.adsabs.harvard.edu/abs/2016Icar..278..180S},
      adsnote = {Provided by the SAO/NASA Astrophysics Data System}
}


@article{LORENZ20151,
title = {Dust devils and dustless vortices on a desert playa observed with surface pressure and solar flux logging},
journal = {GeoResJ},
volume = {5},
pages = {1-11},
year = {2015},
issn = {2214-2428},
doi = {https://doi.org/10.1016/j.grj.2014.11.002},
url = {https://www.sciencedirect.com/science/article/pii/S2214242814000229},
author = {Ralph D. Lorenz and Brian K. Jackson},
keywords = {Mars, Dust devils, Meteorology, Power law}
}
@ARTICLE{2003JGRE..108.5041G,
       author = {{Greeley}, Ronald and {Balme}, Matthew R. and {Iversen}, James D. and {Metzger}, Stephen and {Mickelson}, Robert and {Phoreman}, Jim and {White}, Bruce},
        title = "{Martian dust devils: Laboratory simulations of particle threshold}",
      journal = {Journal of Geophysical Research (Planets)},
     keywords = {Planetology: Solar System Objects: Mars, Atmospheric Composition and Structure: Planetary atmospheres (5405, 5407, 5409, 5704, 5705, 5707), Meteorology and Atmospheric Dynamics: Land/atmosphere interactions, Planetary Sciences: Erosion and weathering, Meteorology and Atmospheric Dynamics: Boundary layer processes},
         year = 2003,
        month = may,
       volume = {108},
       number = {E5},
          eid = {5041},
        pages = {5041},
          doi = {10.1029/2002JE001987},
       adsurl = {https://ui.adsabs.harvard.edu/abs/2003JGRE..108.5041G},
      adsnote = {Provided by the SAO/NASA Astrophysics Data System}
}


@ARTICLE{2011GeoRL..3824206C,
       author = {{Choi}, D.~S. and {Dundas}, C.~M.},
        title = "{Measurements of Martian dust devil winds with HiRISE}",
      journal = {\grl},
     keywords = {Atmospheric Processes: Planetary meteorology (5445, 5739), Planetary Sciences: Solid Surface Planets: Atmospheres (0343, 1060), Planetary Sciences: Solid Surface Planets: Meteorology (3346), Planetary Sciences: Solar System Objects: Mars, Astrophysics - Earth and Planetary Astrophysics},
         year = 2011,
        month = dec,
       volume = {38},
       number = {24},
          eid = {L24206},
        pages = {L24206},
          doi = {10.1029/2011GL049806},
archivePrefix = {arXiv},
       eprint = {1301.6130},
 primaryClass = {astro-ph.EP},
       adsurl = {https://ui.adsabs.harvard.edu/abs/2011GeoRL..3824206C},
      adsnote = {Provided by the SAO/NASA Astrophysics Data System}
}


@ARTICLE{2006JGRE..11112002C,
       author = {{Cantor}, Bruce A. and {Kanak}, Katharine M. and {Edgett}, Kenneth S.},
        title = "{Mars Orbiter Camera observations of Martian dust devils and their tracks (September 1997 to January 2006) and evaluation of theoretical vortex models}",
      journal = {Journal of Geophysical Research (Planets)},
     keywords = {Planetary Sciences: Solar System Objects: Mars, Planetary Sciences: Solid Surface Planets: Atmospheres (0343, 1060), Planetary Sciences: Solid Surface Planets: Meteorology (3346), Atmospheric Processes: Convective processes, Planetary Sciences: Solid Surface Planets: Remote sensing},
         year = 2006,
        month = dec,
       volume = {111},
       number = {E12},
          eid = {E12002},
        pages = {E12002},
          doi = {10.1029/2006JE002700},
       adsurl = {https://ui.adsabs.harvard.edu/abs/2006JGRE..11112002C},
      adsnote = {Provided by the SAO/NASA Astrophysics Data System}
}


@ARTICLE{2021Icar..35514119L,
       author = {{Lorenz}, Ralph D. and {Spiga}, Aymeric and {Lognonn{\'e}}, Philippe and {Plasman}, Matthieu and {Newman}, Claire E. and {Charalambous}, Constantinos},
        title = "{The whirlwinds of Elysium: A catalog and meteorological characteristics of ``dust devil'' vortices observed by InSight on Mars}",
      journal = {\icarus},
     keywords = {Mars atmosphere, Convective vortices, Dust devils, Statistics},
         year = 2021,
        month = feb,
       volume = {355},
          eid = {114119},
        pages = {114119},
          doi = {10.1016/j.icarus.2020.114119},
       adsurl = {https://ui.adsabs.harvard.edu/abs/2021Icar..35514119L},
      adsnote = {Provided by the SAO/NASA Astrophysics Data System}
}


@article{Banfield2018,
author = {Banfield, D. and Rodriguez-Manfredi, J.A. and Russell, C.T. and Rowe, K.M. and Leneman, D. and Lai, H.R. and Cruce, P.R. and Means, J.D. and Johnson, C.L. and Mittelholz, Anna and Joy, S.P. and Chi, P.J. and Mikellides, Ioannis and Carpenter, S. and Navarro Lopez, Sara and Sebastian, E. and Gomez-Elvira, Javier and Torres, Josefina and Mora, L. and Team, The},
year = {2018},
month = {12},
pages = {},
title = {InSight Auxiliary Payload Sensor Suite (APSS)},
volume = {215},
journal = {Space Science Reviews},
doi = {10.1007/s11214-018-0570-x}
}
@ARTICLE{2015JGRE..120..401J,
       author = {{Jackson}, Brian and {Lorenz}, Ralph},
        title = "{A multiyear dust devil vortex survey using an automated search of pressure time series}",
      journal = {Journal of Geophysical Research (Planets)},
         year = 2015,
        month = mar,
       volume = {120},
       number = {3},
        pages = {401-412},
          doi = {10.1002/2014JE004712},
       adsurl = {https://ui.adsabs.harvard.edu/abs/2015JGRE..120..401J},
      adsnote = {Provided by the SAO/NASA Astrophysics Data System}
}


@ARTICLE{2016SSRv..203...39M,
       author = {{Murphy}, Jim and {Steakley}, Kathryn and {Balme}, Matt and
         {Deprez}, Gregoire and {Esposito}, Francesca and
         {Kahanp{\"a}{\"a}}, Henrik and {Lemmon}, Mark and {Lorenz}, Ralph and
         {Murdoch}, Naomi and {Neakrase}, Lynn and {Patel}, Manish and
         {Whelley}, Patrick},
        title = "{Field Measurements of Terrestrial and Martian Dust Devils}",
      journal = {\ssr},
     keywords = {Dust devils},
         year = 2016,
        month = nov,
       volume = {203},
       number = {1-4},
        pages = {39-87},
          doi = {10.1007/s11214-016-0283-y},
       adsurl = {https://ui.adsabs.harvard.edu/abs/2016SSRv..203...39M},
      adsnote = {Provided by the SAO/NASA Astrophysics Data System}
}


@ARTICLE{2020Icar..33513389K,
       author = {{Kurgansky}, M.~V.},
        title = "{On determination of the size-frequency distribution of convective vortices in pressure time-series surveys on Mars}",
      journal = {\icarus},
         year = 2020,
        month = jan,
       volume = {335},
          eid = {113389},
        pages = {113389},
          doi = {10.1016/j.icarus.2019.113389},
       adsurl = {https://ui.adsabs.harvard.edu/abs/2020Icar..33513389K},
      adsnote = {Provided by the SAO/NASA Astrophysics Data System}
}


@ARTICLE{1991ExFl...11...73V,
       author = {{Vatistas}, G.~H. and {Kozel}, V. and {Mih}, W.~C.},
        title = "{A simpler model for concentrated vortices}",
      journal = {Experiments in Fluids},
         year = 1991,
        month = apr,
       volume = {11},
       number = {1},
        pages = {73-76},
          doi = {10.1007/BF00198434},
       adsurl = {https://ui.adsabs.harvard.edu/abs/1991ExFl...11...73V},
      adsnote = {Provided by the SAO/NASA Astrophysics Data System}
}


@ARTICLE{2020AeoRe..4400594F,
       author = {{Franzese}, Gabriele and {Della Rocca}, Valeria and
         {Esposito}, Francesca},
        title = "{Resolution of the size/distance degeneracy of the dust devils signals observed with a stationary meteorological station}",
      journal = {Aeolian Research},
     keywords = {Dust devils, Micrometeorology, Earth, Mars, Depth reconstruction (from a single still image)},
         year = 2020,
        month = jun,
       volume = {44},
          eid = {100594},
        pages = {100594},
          doi = {10.1016/j.aeolia.2020.100594},
       adsurl = {https://ui.adsabs.harvard.edu/abs/2020AeoRe..4400594F},
      adsnote = {Provided by the SAO/NASA Astrophysics Data System}
}


@ARTICLE{2020GeoRL..4787234P,
       author = {{Perrin}, C. and {Rodriguez}, S. and {Jacob}, A. and {Lucas}, A. and
         {Spiga}, A. and {Murdoch}, N. and {Lorenz}, R. and {Daubar}, I.~J. and
         {Pan}, L. and {Kawamura}, T. and {Lognonn{\'e}}, P. and {Banfield}, D. and
         {Banks}, M.~E. and {Garcia}, R.~F. and {Newman}, C.~E. and {Ohja}, L. and
         {Widmer-Schnidrig}, R. and {McEwen}, A.~S. and {Banerdt}, W.~B.},
        title = "{Monitoring of Dust Devil Tracks Around the InSight Landing Site, Mars, and Comparison With In Situ Atmospheric Data}",
      journal = {\grl},
     keywords = {dust devil tracks, Mars, InSight mission, HiRISE images},
         year = 2020,
        month = may,
       volume = {47},
       number = {10},
          eid = {e87234},
        pages = {e87234},
          doi = {10.1029/2020GL087234},
       adsurl = {https://ui.adsabs.harvard.edu/abs/2020GeoRL..4787234P},
      adsnote = {Provided by the SAO/NASA Astrophysics Data System}
}

@article{doi:10.1080/01621459.1993.10476408,
author = { Peter J.   Rousseeuw  and  Christophe   Croux },
title = {Alternatives to the Median Absolute Deviation},
journal = {Journal of the American Statistical Association},
volume = {88},
number = {424},
pages = {1273-1283},
year  = {1993},
publisher = {Taylor & Francis},
doi = {10.1080/01621459.1993.10476408},
}

@ARTICLE{2020NatGe..13..190B,
       author = {{Banfield}, Don and {Spiga}, Aymeric and {Newman}, Claire and
         {Forget}, Fran{\c{c}}ois and {Lemmon}, Mark and {Lorenz}, Ralph and
         {Murdoch}, Naomi and {Viudez-Moreiras}, Daniel and {Pla-Garcia}, Jorge and
         {Garcia}, Rapha{\"e}l F. and {Lognonn{\'e}}, Philippe and
         {Karatekin}, {\~A}. -zg{\"u}r and {Perrin}, Cl{\'e}ment and
         {Martire}, L{\'e}o and {Teanby}, Nicholas and {Hove}, Bart Van and
         {Maki}, Justin N. and {Kenda}, Balthasar and {Mueller}, Nils T. and
         {Rodriguez}, S{\'e}bastien and {Kawamura}, Taichi and
         {McClean}, John B. and {Stott}, Alexander E. and
         {Charalambous}, Constantinos and {Millour}, Ehouarn and
         {Johnson}, Catherine L. and {Mittelholz}, Anna and
         {M{\"a}{\"a}tt{\"a}nen}, Anni and {Lewis}, Stephen R. and
         {Clinton}, John and {St{\"a}hler}, Simon C. and {Ceylan}, Savas and
         {Giardini}, Domenico and {Warren}, Tristram and {Pike}, William T. and
         {Daubar}, Ingrid and {Golombek}, Matthew and {Rolland}, Lucie and
         {Widmer-Schnidrig}, Rudolf and {Mimoun}, David and {Beucler}, {\'E}ric and
         {Jacob}, Alice and {Lucas}, Antoine and {Baker}, Mariah and
         {Ansan}, V{\'e}ronique and {Hurst}, Kenneth and {Mora-Sotomayor}, Luis and
         {Navarro}, Sara and {Torres}, Josefina and {Lepinette}, Alain and
         {Molina}, Antonio and {Marin-Jimenez}, Mercedes and
         {Gomez-Elvira}, Javier and {Peinado}, Veronica and
         {Rodriguez-Manfredi}, Jose-Antonio and {Carcich}, Brian T. and
         {Sackett}, Stephen and {Russell}, Christopher T. and {Spohn}, Tilman and
         {Smrekar}, Suzanne E. and {Banerdt}, W. Bruce},
        title = "{The atmosphere of Mars as observed by InSight}",
      journal = {Nature Geoscience},
         year = 2020,
        month = feb,
       volume = {13},
       number = {3},
        pages = {190-198},
          doi = {10.1038/s41561-020-0534-0},
       adsurl = {https://ui.adsabs.harvard.edu/abs/2020NatGe..13..190B},
      adsnote = {Provided by the SAO/NASA Astrophysics Data System}
}


@ARTICLE{2018SSRv..214..109S,
       author = {{Spiga}, Aymeric and {Banfield}, Don and {Teanby}, Nicholas A. and
         {Forget}, Fran{\c{c}}ois and {Lucas}, Antoine and {Kenda}, Balthasar and
         {Rodriguez Manfredi}, Jose Antonio and {Widmer-Schnidrig}, Rudolf and
         {Murdoch}, Naomi and {Lemmon}, Mark T. and {Garcia}, Rapha{\"e}l F. and
         {Martire}, L{\'e}o and {Karatekin}, {\"O}zg{\"u}r and
         {Le Maistre}, S{\'e}bastien and {Van Hove}, Bart and
         {Dehant}, V{\'e}ronique and {Lognonn{\'e}}, Philippe and
         {Mueller}, Nils and {Lorenz}, Ralph and {Mimoun}, David and
         {Rodriguez}, S{\'e}bastien and {Beucler}, {\'E}ric and
         {Daubar}, Ingrid and {Golombek}, Matthew P. and {Bertrand}, Tanguy and
         {Nishikawa}, Yasuhiro and {Millour}, Ehouarn and {Rolland}, Lucie and
         {Brissaud}, Quentin and {Kawamura}, Taichi and {Mocquet}, Antoine and
         {Martin}, Roland and {Clinton}, John and {Stutzmann}, {\'E}l{\'e}onore and
         {Spohn}, Tilman and {Smrekar}, Suzanne and {Banerdt}, William B.},
        title = "{Atmospheric Science with InSight}",
      journal = {\ssr},
     keywords = {Mars, InSight, Atmospheric science, Planetary atmospheres},
         year = 2018,
        month = oct,
       volume = {214},
       number = {7},
          eid = {109},
        pages = {109},
          doi = {10.1007/s11214-018-0543-0},
       adsurl = {https://ui.adsabs.harvard.edu/abs/2018SSRv..214..109S},
      adsnote = {Provided by the SAO/NASA Astrophysics Data System}
}


@ARTICLE{2010JGRE..115.0E16E,
       author = {{Ellehoj}, M.~D. and {Gunnlaugsson}, H.~P. and {Taylor}, P.~A. and
         {Kahanp{\"a}{\"a}}, H. and {Bean}, K.~M. and {Cantor}, B.~A. and
         {Gheynani}, B.~T. and {Drube}, L. and {Fisher}, D. and {Harri}, A. -M. and
         {Holstein-Rathlou}, C. and {Lemmon}, M.~T. and {Madsen}, M.~B. and
         {Malin}, M.~C. and {Polkko}, J. and {Smith}, P.~H. and
         {Tamppari}, L.~K. and {Weng}, W. and {Whiteway}, J.},
        title = "{Convective vortices and dust devils at the Phoenix Mars mission landing site}",
      journal = {Journal of Geophysical Research (Planets)},
     keywords = {Planetary Sciences: Solar System Objects: Mars, Atmospheric Processes: Boundary layer processes, Planetary Sciences: Solid Surface Planets: Meteorology (3346), Planetary Sciences: Solid Surface Planets: Polar regions, Atmospheric Composition and Structure: Planetary atmospheres (5210, 5405, 5704)},
         year = 2010,
        month = apr,
       volume = {115},
       number = {E8},
          eid = {E00E16},
        pages = {E00E16},
          doi = {10.1029/2009JE003413},
       adsurl = {https://ui.adsabs.harvard.edu/abs/2010JGRE..115.0E16E},
      adsnote = {Provided by the SAO/NASA Astrophysics Data System}
}


@ARTICLE{2016Icar..271..326L,
       author = {{Lorenz}, Ralph D.},
        title = "{Heuristic estimation of dust devil vortex parameters and trajectories from single-station meteorological observations: Application to InSight at Mars}",
      journal = {\icarus},
     keywords = {Mars, atmosphere, Experimental techniques, Atmospheres, dynamics},
         year = 2016,
        month = jun,
       volume = {271},
        pages = {326-337},
          doi = {10.1016/j.icarus.2016.02.001},
       adsurl = {https://ui.adsabs.harvard.edu/abs/2016Icar..271..326L},
      adsnote = {Provided by the SAO/NASA Astrophysics Data System}
}


@ARTICLE{2019Icar..317..209K,
       author = {{Kurgansky}, M.~V.},
        title = "{On the statistical distribution of pressure drops in convective vortices: Applications to Martian dust devils}",
      journal = {\icarus},
         year = 2019,
        month = jan,
       volume = {317},
        pages = {209-214},
          doi = {10.1016/j.icarus.2018.08.004},
       adsurl = {https://ui.adsabs.harvard.edu/abs/2019Icar..317..209K},
      adsnote = {Provided by the SAO/NASA Astrophysics Data System}
}


@ARTICLE{2012Icar..221..632B,
       author = {{Balme}, M.~R. and {Pathare}, A. and {Metzger}, S.~M. and
         {Towner}, M.~C. and {Lewis}, S.~R. and {Spiga}, A. and {Fenton}, L.~K. and
         {Renno}, N.~O. and {Elliott}, H.~M. and {Saca}, F.~A. and
         {Michaels}, T.~I. and {Russell}, P. and {Verdasca}, J.},
        title = "{Field measurements of horizontal forward motion velocities of terrestrial dust devils: Towards a proxy for ambient winds on Mars and Earth}",
      journal = {\icarus},
         year = 2012,
        month = nov,
       volume = {221},
       number = {2},
        pages = {632-645},
          doi = {10.1016/j.icarus.2012.08.021},
       adsurl = {https://ui.adsabs.harvard.edu/abs/2012Icar..221..632B},
      adsnote = {Provided by the SAO/NASA Astrophysics Data System}
}


@ARTICLE{2018Icar..299..166J,
       author = {{Jackson}, Brian and {Lorenz}, Ralph and {Davis}, Karan},
        title = "{A framework for relating the structures and recovery statistics in pressure time-series surveys for dust devils}",
      journal = {\icarus},
     keywords = {Mars, Atmosphere, Surface, Earth, Astrophysics - Earth and Planetary Astrophysics},
         year = 2018,
        month = jan,
       volume = {299},
        pages = {166-174},
          doi = {10.1016/j.icarus.2017.07.027},
archivePrefix = {arXiv},
       eprint = {1708.00484},
 primaryClass = {astro-ph.EP},
       adsurl = {https://ui.adsabs.harvard.edu/abs/2018Icar..299..166J},
      adsnote = {Provided by the SAO/NASA Astrophysics Data System}
}


@ARTICLE{2016JGRE..121.1514K,
       author = {{Kahanp{\"a}{\"a}}, H. and {Newman}, C. and {Moores}, J. and
         {Zorzano}, M. -P. and {Mart{\'\i}n-Torres}, J. and {Navarro}, S. and
         {Lepinette}, A. and {Cantor}, B. and {Lemmon}, M.~T. and
         {Valent{\'\i}n-Serrano}, P. and {Ull{\'a}n}, A. and {Schmidt}, W.},
        title = "{Convective vortices and dust devils at the MSL landing site: Annual variability}",
      journal = {Journal of Geophysical Research (Planets)},
     keywords = {Mars, dust devils, convective vortices, planetary atmospheres, numerical modeling},
         year = 2016,
        month = aug,
       volume = {121},
       number = {8},
        pages = {1514-1549},
          doi = {10.1002/2016JE005027},
       adsurl = {https://ui.adsabs.harvard.edu/abs/2016JGRE..121.1514K},
      adsnote = {Provided by the SAO/NASA Astrophysics Data System}
}


@book{Press2007,
  added-at = {2010-07-28T15:16:23.000+0200},
  asin = {0521880688},
  author = {Press, William H. and Teukolsky, Saul A. and Vetterling, William T. and Flannery, Brian P.},
  biburl = {https://www.bibsonomy.org/bibtex/2f9d2f186a1e4a1e400ad2ed0f8ea852d/lopusz},
  description = {Amazon.com: Numerical Recipes 3rd Edition: The Art of Scientific…},
  dewey = {518.0285},
  ean = {9780521880688},
  edition = 3,
  interhash = {6b5cc0aac35eedcef262ac8d2d568588},
  intrahash = {f9d2f186a1e4a1e400ad2ed0f8ea852d},
  isbn = {0521880688},
  keywords = {numerics},
  publisher = {Cambridge University Press},
  timestamp = {2010-07-28T15:16:23.000+0200},
  title = {Numerical Recipes 3rd Edition: The Art of Scientific Computing},
  url = {http://www.amazon.com/Numerical-Recipes-3rd-Scientific-Computing/dp/0521880688/ref=sr_1_1?ie=UTF8&s=books&qid=1280322496&sr=8-1},
  year = 2007
}


@ARTICLE{2020arXiv200501134S,
       author = {{Spiga}, Aymeric and {Murdoch}, Naomi and {Lorenz}, Ralph and
         {Forget}, Fran{\c{c}}ois and {Newman}, Claire and
         {Rodriguez}, S{\'e}bastien and {Pla-Garcia}, Jorge and
         {Vi{\'u}dez-Moreiras}, Daniel and {Banfield}, Don and
         {Perrin}, Cl{\'e}ment and {Mueller}, Nils T. and {Millour}, Ehouarn and
         {Banerdt}, W. Bruce},
        title = "{A study of daytime convective vortices and turbulence in the martian Planetary Boundary Layer based on half-a-year of InSight atmospheric measurements and Large-Eddy Simulations}",
      journal = {arXiv e-prints},
     keywords = {Astrophysics - Earth and Planetary Astrophysics, Physics - Atmospheric and Oceanic Physics, Physics - Fluid Dynamics},
         year = 2020,
        month = may,
          eid = {arXiv:2005.01134},
        pages = {arXiv:2005.01134},
archivePrefix = {arXiv},
       eprint = {2005.01134},
 primaryClass = {astro-ph.EP},
       adsurl = {https://ui.adsabs.harvard.edu/abs/2020arXiv200501134S},
      adsnote = {Provided by the SAO/NASA Astrophysics Data System}
}


@ARTICLE{2017E&SS....4..396B,
       author = {{Bell}, J.~F. and {Godber}, A. and {McNair}, S. and {Caplinger}, M.~A. and
         {Maki}, J.~N. and {Lemmon}, M.~T. and {Van Beek}, J. and
         {Malin}, M.~C. and {Wellington}, D. and {Kinch}, K.~M. and
         {Madsen}, M.~B. and {Hardgrove}, C. and {Ravine}, M.~A. and
         {Jensen}, E. and {Harker}, D. and {Anderson}, R.~B. and
         {Herkenhoff}, K.~E. and {Morris}, R.~V. and {Cisneros}, E. and
         {Deen}, R.~G.},
        title = "{The Mars Science Laboratory Curiosity rover Mastcam instruments: Preflight and in-flight calibration, validation, and data archiving}",
      journal = {Earth and Space Science},
     keywords = {Mars, multispectral imaging, calibration, Curiosity rover, Gale crater},
         year = 2017,
        month = jul,
       volume = {4},
       number = {7},
        pages = {396-452},
          doi = {10.1002/2016EA000219},
       adsurl = {https://ui.adsabs.harvard.edu/abs/2017E&SS....4..396B},
      adsnote = {Provided by the SAO/NASA Astrophysics Data System}
}


@ARTICLE{2019JGRE..124.3442N,
       author = {{Newman}, C.~E. and {Kahanp{\"a}{\"a}}, H. and {Richardson}, M.~I. and
         {Mart{\'\i}nez}, G.~M. and {Vicente-Retortillo}, A. and {Lemmon}, M.~T.},
        title = "{MarsWRF Convective Vortex and Dust Devil Predictions for Gale Crater Over 3 Mars Years and Comparison With MSL-REMS Observations}",
      journal = {Journal of Geophysical Research (Planets)},
     keywords = {Mars, Convective vortices, Dust devils, Gale Crater, Mars Science Laboratory, Mars atmospheric modeling},
         year = 2019,
        month = dec,
       volume = {124},
       number = {12},
        pages = {3442-3468},
          doi = {10.1029/2019JE006082},
       adsurl = {https://ui.adsabs.harvard.edu/abs/2019JGRE..124.3442N},
      adsnote = {Provided by the SAO/NASA Astrophysics Data System}
}


@ARTICLE{1998JAtS...55.3244R,
       author = {{Renn{\'o}}, Nilton O. and {Burkett}, Matthew L. and
         {Larkin}, Matthew P.},
        title = "{A Simple Thermodynamical Theory for Dust Devils.}",
      journal = {Journal of Atmospheric Sciences},
         year = 1998,
        month = nov,
       volume = {55},
       number = {21},
        pages = {3244-3252},
          doi = {10.1175/1520-0469(1998)055<3244:ASTTFD>2.0.CO;2},
       adsurl = {https://ui.adsabs.harvard.edu/abs/1998JAtS...55.3244R},
      adsnote = {Provided by the SAO/NASA Astrophysics Data System}
}

@ARTICLE{2020Icar..33813523J,
       author = {{Jackson}, Brian},
        title = "{On the relationship between dust devil radii and heights}",
      journal = {\icarus},
     keywords = {Mars, Atmosphere - Mars, Climate - Mars, Surface, Astrophysics - Earth and Planetary Astrophysics},
         year = 2020,
        month = mar,
       volume = {338},
          eid = {113523},
        pages = {113523},
          doi = {10.1016/j.icarus.2019.113523},
archivePrefix = {arXiv},
       eprint = {1910.14135},
 primaryClass = {astro-ph.EP},
       adsurl = {https://ui.adsabs.harvard.edu/abs/2020Icar..33813523J},
      adsnote = {Provided by the SAO/NASA Astrophysics Data System}
}


@ARTICLE{2012Icar..219..556K,
       author = {{Kurgansky}, M.~V.},
        title = "{Statistical distribution of atmospheric dust devils}",
      journal = {\icarus},
         year = 2012,
        month = jun,
       volume = {219},
       number = {2},
        pages = {556-560},
          doi = {10.1016/j.icarus.2012.04.006},
       adsurl = {https://ui.adsabs.harvard.edu/abs/2012Icar..219..556K},
      adsnote = {Provided by the SAO/NASA Astrophysics Data System}
}


@ARTICLE{2013Icar..226..964L,
       author = {{Lorenz}, Ralph},
        title = "{The longevity and aspect ratio of dust devils: Effects on detection efficiencies and comparison of landed and orbital imaging at Mars}",
      journal = {\icarus},
         year = 2013,
        month = sep,
       volume = {226},
       number = {1},
        pages = {964-970},
          doi = {10.1016/j.icarus.2013.06.031},
       adsurl = {https://ui.adsabs.harvard.edu/abs/2013Icar..226..964L},
      adsnote = {Provided by the SAO/NASA Astrophysics Data System}
}


@ARTICLE{2008Icar..197...39S,
       author = {{Stanzel}, Christina and {P{\"a}tzold}, Martin and {Williams}, David A. and
         {Whelley}, Patrick L. and {Greeley}, Ronald and {Neukum}, Gerhard and
         {HRSC Co-Investigator Team}},
        title = "{Dust devil speeds, directions of motion and general characteristics observed by the Mars Express High Resolution Stereo Camera}",
      journal = {\icarus},
         year = 2008,
        month = sep,
       volume = {197},
       number = {1},
        pages = {39-51},
          doi = {10.1016/j.icarus.2008.04.017},
       adsurl = {https://ui.adsabs.harvard.edu/abs/2008Icar..197...39S},
      adsnote = {Provided by the SAO/NASA Astrophysics Data System}
}


@ARTICLE{2016SSRv..203..277L,
       author = {{Lorenz}, Ralph D. and {Jackson}, Brian K.},
        title = "{Dust Devil Populations and Statistics}",
      journal = {\ssr},
     keywords = {Dust devils, Statistics, Power law},
         year = 2016,
        month = nov,
       volume = {203},
       number = {1-4},
        pages = {277-297},
          doi = {10.1007/s11214-016-0277-9},
       adsurl = {https://ui.adsabs.harvard.edu/abs/2016SSRv..203..277L},
      adsnote = {Provided by the SAO/NASA Astrophysics Data System}
}


@article{doi:10.1029/2010RG000351,
author = {Petrosyan, A. and Galperin, B. and Larsen, S. E. and Lewis, S. R. and Määttänen, A. and Read, P. L. and Renno, N. and Rogberg, L. P. H. T. and Savijärvi, H. and Siili, T. and Spiga, A. and Toigo, A. and Vázquez, L.},
title = {THE MARTIAN ATMOSPHERIC BOUNDARY LAYER},
journal = {Reviews of Geophysics},
volume = {49},
number = {3},
pages = {},
keywords = {Mars, atmosphere, boundary layer},
doi = {10.1029/2010RG000351},
url = {https://agupubs.onlinelibrary.wiley.com/doi/abs/10.1029/2010RG000351},
eprint = {https://agupubs.onlinelibrary.wiley.com/doi/pdf/10.1029/2010RG000351},
year = {2011}
}


@ARTICLE{2003JGRE..108.8071M,
       author = {{Maki}, J.~N. and {Bell}, J.~F. and {Herkenhoff}, K.~E. and
         {Squyres}, S.~W. and {Kiely}, A. and {Klimesh}, M. and
         {Schwochert}, M. and {Litwin}, T. and {Willson}, R. and {Johnson}, A. and
         {Maimone}, M. and {Baumgartner}, E. and {Collins}, A. and
         {Wadsworth}, M. and {Elliot}, S.~T. and {Dingizian}, A. and
         {Brown}, D. and {Hagerott}, E.~C. and {Scherr}, L. and {Deen}, R. and
         {Alexander}, D. and {Lorre}, J.},
        title = "{Mars Exploration Rover Engineering Cameras}",
      journal = {Journal of Geophysical Research (Planets)},
     keywords = {Planetology: Solar System Objects: Mars, Planetology: Solar System Objects: Instruments and techniques, Planetary Sciences: Remote sensing},
         year = 2003,
        month = dec,
       volume = {108},
       number = {E12},
          eid = {8071},
        pages = {8071},
          doi = {10.1029/2003JE002077},
       adsurl = {https://ui.adsabs.harvard.edu/abs/2003JGRE..108.8071M},
      adsnote = {Provided by the SAO/NASA Astrophysics Data System}
}


@ARTICLE{2006JGRE..11112S09G, 
       author = {{Greeley}, Ronald and {Whelley}, Patrick L. and {Arvidson}, Raymond E. and
         {Cabrol}, Nathalie A. and {Foley}, Daniel J. and {Franklin}, Brenda J. and
         {Geissler}, Paul G. and {Golombek}, Matthew P. and {Kuzmin}, Ruslan O. and
         {Landis}, Geoffrey A. and {Lemmon}, Mark T. and {Neakrase}, Lynn D.~V. and
         {Squyres}, Steven W. and {Thompson}, Shane D.},
        title = "{Active dust devils in Gusev crater, Mars: Observations from the Mars Exploration Rover Spirit}",
      journal = {Journal of Geophysical Research (Planets)},
     keywords = {Planetary Sciences: Solid Surface Planets: Erosion and weathering, Planetary Sciences: Solid Surface Planets: Surface materials and properties, Planetary Sciences: Comets and Small Bodies: Surfaces, Planetary Sciences: Solar System Objects: Mars, Planetary Sciences: Solar System Objects: Dust},
         year = 2006,
        month = dec,
       volume = {111},
       number = {E12},
          eid = {E12S09},
        pages = {E12S09},
          doi = {10.1029/2006JE002743},
       adsurl = {https://ui.adsabs.harvard.edu/abs/2006JGRE..11112S09G},
      adsnote = {Provided by the SAO/NASA Astrophysics Data System}
}


@ARTICLE{2014JAtS...71.4461L,
       author = {{Lorenz}, Ralph D.},
        title = "{Vortex Encounter Rates with Fixed Barometer Stations: Comparison with Visual Dust Devil Counts and Large-Eddy Simulations}",
      journal = {Journal of Atmospheric Sciences},
         year = 2014,
        month = dec,
       volume = {71},
       number = {12},
        pages = {4461-4472},
          doi = {10.1175/JAS-D-14-0138.1},
       adsurl = {https://ui.adsabs.harvard.edu/abs/2014JAtS...71.4461L},
      adsnote = {Provided by the SAO/NASA Astrophysics Data System}
}

@ARTICLE{2010Icar..206..306N,
       author = {{Neakrase}, Lynn D.~V. and {Greeley}, Ronald},
        title = "{Dust devil sediment flux on Earth and Mars: Laboratory simulations}",
      journal = {\icarus},
         year = 2010,
        month = mar,
       volume = {206},
       number = {1},
        pages = {306-318},
          doi = {10.1016/j.icarus.2009.08.028},
       adsurl = {https://ui.adsabs.harvard.edu/abs/2010Icar..206..306N},
      adsnote = {Provided by the SAO/NASA Astrophysics Data System}
}